@book{lamport1994latex,
  title={{LATEX}: a document preparation system: user's guide and reference manual},
  author={Lamport, Leslie},
  year={1994},
  publisher={Addison-wesley}
}

@book{kottwitzlatex2021,
	title = {{LaTeX} beginner's guide : create visually appealing texts, articles, and books for business and science using {LaTeX}},
	author = {Kottwitz, Stefan},
	year = {2021},
    publisher = {Packt},
	note = {ISBN: 9781801072588},
}

@misc{uor_refernce_style,
    author = {{University of Reading}},
    title = {Different styles \& systems of referencing: Guidance on citing references for students at the University of Reading},
    year = {2023},
    url = {https://libguides.reading.ac.uk/citing-references/referencingstyles},
    note = {(accessed June 6, 2023)}
}

@misc{uor_plagiarism,
    author = {{University of Reading}},
    title = {Avoiding unintentional plagiarism: Guidance on citing references for students at the University of Reading},
    year = {2023},
    url = {https://libguides.reading.ac.uk/citing-references/avoidingplagiarism},
    note = {(accessed June 6, 2023)}
}

% Air Quality and Health References
@misc{whopollution,
    author = {{World Health Organization}},
    title = {Air pollution},
    year = {2024},
    url = {https://www.who.int/health-topics/air-pollution},
    note = {(accessed October 2024)}
}

@misc{state,
    author = {{Health Effects Institute}},
    title = {State of Global Air 2024},
    year = {2024},
    url = {https://www.stateofglobalair.org/},
    note = {(accessed October 2024)}
}

% Air Quality Data Platforms
@misc{aqicn,
    author = {{Air Quality Index China Network}},
    title = {World's Air Pollution: Real-time Air Quality Index},
    year = {2024},
    url = {https://aqicn.org/},
    note = {(accessed October 2024)}
}

@misc{aqicnhist,
    author = {{Air Quality Index China Network}},
    title = {Historical Air Quality Data},
    year = {2024},
    url = {https://aqicn.org/data-platform/},
    note = {(accessed October 2024)}
}

@misc{google,
    author = {{Google}},
    title = {Air Quality API},
    year = {2024},
    url = {https://developers.google.com/maps/documentation/air-quality},
    note = {(accessed October 2024)}
}

@misc{googleair,
    author = {{Google}},
    title = {Air Quality API Documentation},
    year = {2024},
    url = {https://developers.google.com/maps/documentation/air-quality},
    note = {(accessed October 2024)}
}

@misc{iqairapi,
    author = {{IQAir}},
    title = {AirVisual API},
    year = {2024},
    url = {https://www.iqair.com/air-pollution-data-api},
    note = {(accessed October 2024)}
}

@misc{iqair,
    author = {{IQAir}},
    title = {Air Quality Platform},
    year = {2024},
    url = {https://www.iqair.com/},
    note = {(accessed October 2024)}
}

% Database Technologies
@misc{postgresql,
    author = {{PostgreSQL Global Development Group}},
    title = {PostgreSQL: The World's Most Advanced Open Source Relational Database},
    year = {2024},
    url = {https://www.postgresql.org/},
    note = {(accessed October 2024)}
}

@misc{timescale,
    author = {{Timescale Inc.}},
    title = {TimescaleDB: Open-source time-series SQL database},
    year = {2024},
    url = {https://www.timescale.com/},
    note = {(accessed October 2024)}
}

@misc{influxdb,
    author = {{InfluxData}},
    title = {InfluxDB: Open Source Time Series Database},
    year = {2024},
    url = {https://www.influxdata.com/},
    note = {(accessed October 2024)}
}

@misc{cassandra,
    author = {{Apache Software Foundation}},
    title = {Apache Cassandra},
    year = {2024},
    url = {https://cassandra.apache.org/},
    note = {(accessed October 2024)}
}

@misc{prometheus,
    author = {{Cloud Native Computing Foundation}},
    title = {Prometheus - Monitoring system \& time series database},
    year = {2024},
    url = {https://prometheus.io/},
    note = {(accessed October 2024)}
}

@misc{postgsmv,
    author = {{PostgreSQL Global Development Group}},
    title = {PostgreSQL: Materialized Views},
    year = {2024},
    url = {https://www.postgresql.org/docs/current/sql-creatematerializedview.html},
    note = {(accessed October 2024)}
}

% Stream Processing and Data Architecture
@article{wiley,
    author = {Kumar, Pawan and Morawska, Lidia and others},
    title = {The rise of low-cost sensing for managing air pollution in cities},
    journal = {Environment International},
    year = {2015},
    volume = {75},
    pages = {199--205},
    doi = {10.1016/j.envint.2014.11.019}
}

@article{mdpi,
    author = {Motlagh, Naser Hossein andTaleb, Tarik and Arouk, Osama},
    title = {Low-Altitude Unmanned Aerial Vehicles-Based Internet of Things Services: Comprehensive Survey and Future Perspectives},
    journal = {IEEE Internet of Things Journal},
    year = {2016},
    volume = {3},
    number = {6},
    pages = {899--922},
    doi = {10.1109/JIOT.2016.2612119}
}

@misc{medium,
    author = {DataStax},
    title = {Apache Kafka and Apache Spark Streaming for Real-Time Data Processing},
    year = {2023},
    url = {https://medium.com/@datastax},
    note = {(accessed October 2024)}
}

@article{esr,
    author = {Carbone, Paris and Katsifodimos, Asterios and others},
    title = {Apache Flink: Stream and Batch Processing in a Single Engine},
    journal = {Bulletin of the IEEE Computer Society Technical Committee on Data Engineering},
    year = {2015},
    volume = {36},
    number = {4}
}

@misc{minio,
    author = {{MinIO Inc.}},
    title = {MinIO High Performance Object Storage},
    year = {2024},
    url = {https://min.io/},
    note = {(accessed October 2024)}
}

% Monitoring and Visualization
@misc{grafana,
    author = {{Grafana Labs}},
    title = {Grafana: The open observability platform},
    year = {2024},
    url = {https://grafana.com/},
    note = {(accessed October 2024)}
}

@misc{jmeter,
    author = {{Apache Software Foundation}},
    title = {Apache JMeter},
    year = {2024},
    url = {https://jmeter.apache.org/},
    note = {(accessed October 2024)}
}

% Health Guidelines and Standards
@misc{epaaqi,
    author = {{U.S. Environmental Protection Agency}},
    title = {Air Quality Index (AQI) Basics},
    year = {2024},
    url = {https://www.airnow.gov/aqi/aqi-basics/},
    note = {(accessed October 2024)}
}

@misc{whoaq,
    author = {{World Health Organization}},
    title = {WHO global air quality guidelines},
    year = {2021},
    url = {https://www.who.int/publications/i/item/9789240034228},
    note = {(accessed October 2024)}
}

