@misc{grafama2025,
  author       = {Grafana Labs},
  year         = {2025},
  title        = {Grafana},
  url          = {https://grafana.com/},
  note         = {Accessed May 28, 2025}
}

@misc{minio2025,
  author       = {MinIO Inc.},
  year         = {2025},
  title        = {MinIO},
  url          = {https://min.io/},
  note         = {Accessed May 28, 2025}
}

@misc{postgresql2025,
  author       = {PostgreSQL Global Development Group},
  year         = {2025},
  title        = {PostgreSQL Documentation},
  url          = {https://www.postgresql.org/docs/},
  note         = {Accessed May 28, 2025}
}

@misc{timescale2025,
  author       = {Timescale Inc.},
  year         = {2025},
  title        = {Timescale Documentation},
  url          = {https://docs.timescale.com/tutorials/latest/real-time-analytics-transport/},
  note         = {Accessed May 28, 2025}
}
